%YAML 1.1
%TAG !u! tag:unity3d.com,2011:
--- !u!29 &1
OcclusionCullingSettings:
  m_ObjectHideFlags: 0
  serializedVersion: 2
  m_OcclusionBakeSettings:
    smallestOccluder: 5
    smallestHole: 0.25
    backfaceThreshold: 100
  m_SceneGUID: 00000000000000000000000000000000
  m_OcclusionCullingData: {fileID: 0}
--- !u!104 &2
RenderSettings:
  m_ObjectHideFlags: 0
  serializedVersion: 8
  m_Fog: 0
  m_FogColor: {r: 0.5, g: 0.5, b: 0.5, a: 1}
  m_FogMode: 3
  m_FogDensity: 0.01
  m_LinearFogStart: 0
  m_LinearFogEnd: 300
  m_AmbientSkyColor: {r: 0, g: 0, b: 0, a: 1}
  m_AmbientEquatorColor: {r: 0.114, g: 0.125, b: 0.133, a: 1}
  m_AmbientGroundColor: {r: 0.047, g: 0.043, b: 0.035, a: 1}
  m_AmbientIntensity: 1
  m_AmbientMode: 3
  m_SubtractiveShadowColor: {r: 0.42, g: 0.478, b: 0.627, a: 1}
  m_SkyboxMaterial: {fileID: 10304, guid: 0000000000000000f000000000000000, type: 0}
  m_HaloStrength: 0.5
  m_FlareStrength: 1
  m_FlareFadeSpeed: 3
  m_HaloTexture: {fileID: 0}
  m_SpotCookie: {fileID: 10001, guid: 0000000000000000e000000000000000, type: 0}
  m_DefaultReflectionMode: 0
  m_DefaultReflectionResolution: 256
  m_ReflectionBounces: 3
  m_ReflectionIntensity: 0.528
  m_CustomReflection: {fileID: 0}
  m_Sun: {fileID: 0}
  m_IndirectSpecularColor: {r: 0, g: 0, b: 0, a: 0.528}
--- !u!157 &3
LightmapSettings:
  m_ObjectHideFlags: 0
  serializedVersion: 11
  m_GIWorkflowMode: 1
  m_GISettings:
    serializedVersion: 2
    m_BounceScale: 1
    m_IndirectOutputScale: 1
    m_AlbedoBoost: 1
    m_TemporalCoherenceThreshold: 1
    m_EnvironmentLightingMode: 0
    m_EnableBakedLightmaps: 1
    m_EnableRealtimeLightmaps: 1
  m_LightmapEditorSettings:
    serializedVersion: 9
    m_Resolution: 2
    m_BakeResolution: 40
    m_TextureWidth: 512
    m_TextureHeight: 1024
    m_AO: 1
    m_AOMaxDistance: 1
    m_CompAOExponent: 1
    m_CompAOExponentDirect: 0
    m_Padding: 4
    m_LightmapParameters: {fileID: 15200, guid: 0000000000000000f000000000000000,
      type: 0}
    m_LightmapsBakeMode: 0
    m_TextureCompression: 1
    m_FinalGather: 0
    m_FinalGatherFiltering: 1
    m_FinalGatherRayCount: 256
    m_ReflectionCompression: 2
    m_MixedBakeMode: 2
    m_BakeBackend: 0
    m_PVRSampling: 1
    m_PVRDirectSampleCount: 32
    m_PVRSampleCount: 500
    m_PVRBounces: 2
    m_PVRFilterTypeDirect: 0
    m_PVRFilterTypeIndirect: 0
    m_PVRFilterTypeAO: 0
    m_PVRFilteringMode: 1
    m_PVRCulling: 1
    m_PVRFilteringGaussRadiusDirect: 1
    m_PVRFilteringGaussRadiusIndirect: 5
    m_PVRFilteringGaussRadiusAO: 2
    m_PVRFilteringAtrousPositionSigmaDirect: 0.5
    m_PVRFilteringAtrousPositionSigmaIndirect: 2
    m_PVRFilteringAtrousPositionSigmaAO: 1
    m_ShowResolutionOverlay: 1
  m_LightingDataAsset: {fileID: 112000630, guid: 48df5d68e2333224680f518e737826a4,
    type: 2}
  m_UseShadowmask: 1
--- !u!196 &4
NavMeshSettings:
  serializedVersion: 2
  m_ObjectHideFlags: 0
  m_BuildSettings:
    serializedVersion: 2
    agentTypeID: 0
    agentRadius: 0.35
    agentHeight: 1
    agentSlope: 45
    agentClimb: 0.4
    ledgeDropHeight: 0
    maxJumpAcrossDistance: 0
    minRegionArea: 2
    manualCellSize: 0
    cellSize: 0.11666667
    manualTileSize: 0
    tileSize: 256
    accuratePlacement: 0
    debug:
      m_Flags: 0
  m_NavMeshData: {fileID: 23800000, guid: e9a3b03e5fe987140ae1b58d3c41a721, type: 2}
--- !u!1001 &9606082
Prefab:
  m_ObjectHideFlags: 0
  serializedVersion: 2
  m_Modification:
    m_TransformParent: {fileID: 0}
    m_Modifications:
    - target: {fileID: 4569377527516820, guid: 4d2d2f7dd87bf8747a89d438b3bac941, type: 2}
      propertyPath: m_LocalPosition.x
      value: 2.98
      objectReference: {fileID: 0}
    - target: {fileID: 4569377527516820, guid: 4d2d2f7dd87bf8747a89d438b3bac941, type: 2}
      propertyPath: m_LocalPosition.y
      value: 5.91
      objectReference: {fileID: 0}
    - target: {fileID: 4569377527516820, guid: 4d2d2f7dd87bf8747a89d438b3bac941, type: 2}
      propertyPath: m_LocalPosition.z
      value: -3.76
      objectReference: {fileID: 0}
    - target: {fileID: 4569377527516820, guid: 4d2d2f7dd87bf8747a89d438b3bac941, type: 2}
      propertyPath: m_LocalRotation.x
      value: 0.40557975
      objectReference: {fileID: 0}
    - target: {fileID: 4569377527516820, guid: 4d2d2f7dd87bf8747a89d438b3bac941, type: 2}
      propertyPath: m_LocalRotation.y
      value: 0.579228
      objectReference: {fileID: 0}
    - target: {fileID: 4569377527516820, guid: 4d2d2f7dd87bf8747a89d438b3bac941, type: 2}
      propertyPath: m_LocalRotation.z
      value: -0.40557975
      objectReference: {fileID: 0}
    - target: {fileID: 4569377527516820, guid: 4d2d2f7dd87bf8747a89d438b3bac941, type: 2}
      propertyPath: m_LocalRotation.w
      value: 0.579228
      objectReference: {fileID: 0}
    - target: {fileID: 4569377527516820, guid: 4d2d2f7dd87bf8747a89d438b3bac941, type: 2}
      propertyPath: m_RootOrder
      value: 0
      objectReference: {fileID: 0}
    - target: {fileID: 114773489253881500, guid: 4d2d2f7dd87bf8747a89d438b3bac941,
        type: 2}
      propertyPath: m_playerTransform
      value: 
      objectReference: {fileID: 1869816446}
    - target: {fileID: 20939396130051092, guid: 4d2d2f7dd87bf8747a89d438b3bac941,
        type: 2}
      propertyPath: m_RenderingPath
      value: -1
      objectReference: {fileID: 0}
    - target: {fileID: 114704698778202640, guid: 4d2d2f7dd87bf8747a89d438b3bac941,
        type: 2}
      propertyPath: m_Enabled
      value: 1
      objectReference: {fileID: 0}
    m_RemovedComponents: []
  m_ParentPrefab: {fileID: 100100000, guid: 4d2d2f7dd87bf8747a89d438b3bac941, type: 2}
  m_IsPrefabParent: 0
--- !u!1 &99354231
GameObject:
  m_ObjectHideFlags: 0
  m_PrefabParentObject: {fileID: 0}
  m_PrefabInternal: {fileID: 0}
  serializedVersion: 5
  m_Component:
  - component: {fileID: 99354235}
  - component: {fileID: 99354234}
  - component: {fileID: 99354233}
  - component: {fileID: 99354232}
  m_Layer: 0
  m_Name: Plane
  m_TagString: Untagged
  m_Icon: {fileID: 0}
  m_NavMeshLayer: 0
  m_StaticEditorFlags: 0
  m_IsActive: 1
--- !u!23 &99354232
MeshRenderer:
  m_ObjectHideFlags: 0
  m_PrefabParentObject: {fileID: 0}
  m_PrefabInternal: {fileID: 0}
  m_GameObject: {fileID: 99354231}
  m_Enabled: 1
  m_CastShadows: 1
  m_ReceiveShadows: 1
  m_DynamicOccludee: 1
  m_MotionVectors: 1
  m_LightProbeUsage: 1
  m_ReflectionProbeUsage: 1
  m_Materials:
  - {fileID: 10303, guid: 0000000000000000f000000000000000, type: 0}
  m_StaticBatchInfo:
    firstSubMesh: 0
    subMeshCount: 0
  m_StaticBatchRoot: {fileID: 0}
  m_ProbeAnchor: {fileID: 0}
  m_LightProbeVolumeOverride: {fileID: 0}
  m_ScaleInLightmap: 1
  m_PreserveUVs: 1
  m_IgnoreNormalsForChartDetection: 0
  m_ImportantGI: 0
  m_StitchLightmapSeams: 0
  m_SelectedEditorRenderState: 3
  m_MinimumChartSize: 4
  m_AutoUVMaxDistance: 0.5
  m_AutoUVMaxAngle: 89
  m_LightmapParameters: {fileID: 0}
  m_SortingLayerID: 0
  m_SortingLayer: 0
  m_SortingOrder: 0
--- !u!64 &99354233
MeshCollider:
  m_ObjectHideFlags: 0
  m_PrefabParentObject: {fileID: 0}
  m_PrefabInternal: {fileID: 0}
  m_GameObject: {fileID: 99354231}
  m_Material: {fileID: 0}
  m_IsTrigger: 0
  m_Enabled: 1
  serializedVersion: 3
  m_Convex: 0
  m_CookingOptions: 14
  m_SkinWidth: 0.01
  m_Mesh: {fileID: 10209, guid: 0000000000000000e000000000000000, type: 0}
--- !u!33 &99354234
MeshFilter:
  m_ObjectHideFlags: 0
  m_PrefabParentObject: {fileID: 0}
  m_PrefabInternal: {fileID: 0}
  m_GameObject: {fileID: 99354231}
  m_Mesh: {fileID: 10209, guid: 0000000000000000e000000000000000, type: 0}
--- !u!4 &99354235
Transform:
  m_ObjectHideFlags: 0
  m_PrefabParentObject: {fileID: 0}
  m_PrefabInternal: {fileID: 0}
  m_GameObject: {fileID: 99354231}
  m_LocalRotation: {x: 0, y: 0, z: 0, w: 1}
  m_LocalPosition: {x: 0.87377, y: -0.21, z: -8.265854}
  m_LocalScale: {x: 235.82602, y: 235.826, z: 235.826}
  m_Children: []
  m_Father: {fileID: 0}
  m_RootOrder: 8
  m_LocalEulerAnglesHint: {x: 0, y: 0, z: 0}
--- !u!1 &395061489
GameObject:
  m_ObjectHideFlags: 0
  m_PrefabParentObject: {fileID: 0}
  m_PrefabInternal: {fileID: 0}
  serializedVersion: 5
  m_Component:
  - component: {fileID: 395061490}
  m_Layer: 0
  m_Name: '------Player------'
  m_TagString: Untagged
  m_Icon: {fileID: 0}
  m_NavMeshLayer: 0
  m_StaticEditorFlags: 0
  m_IsActive: 1
--- !u!4 &395061490
Transform:
  m_ObjectHideFlags: 0
  m_PrefabParentObject: {fileID: 0}
  m_PrefabInternal: {fileID: 0}
  m_GameObject: {fileID: 395061489}
  m_LocalRotation: {x: 0, y: 0, z: 0, w: 1}
  m_LocalPosition: {x: 27.035892, y: 5.9601603, z: -3.1488934}
  m_LocalScale: {x: 1, y: 1, z: 1}
  m_Children: []
  m_Father: {fileID: 0}
  m_RootOrder: 6
  m_LocalEulerAnglesHint: {x: 0, y: 0, z: 0}
--- !u!114 &866328610 stripped
MonoBehaviour:
  m_PrefabParentObject: {fileID: 114454535220357220, guid: 1a429d5f3ff01044f9e0f4c95e85841d,
    type: 2}
  m_PrefabInternal: {fileID: 1812633395}
  m_Script: {fileID: 11500000, guid: a2af8c704ee5e0843bcff9b3e787fb0e, type: 3}
--- !u!1 &927195259
GameObject:
  m_ObjectHideFlags: 0
  m_PrefabParentObject: {fileID: 0}
  m_PrefabInternal: {fileID: 0}
  serializedVersion: 5
  m_Component:
  - component: {fileID: 927195262}
  - component: {fileID: 927195261}
  - component: {fileID: 927195260}
  m_Layer: 0
  m_Name: EventSystem
  m_TagString: Untagged
  m_Icon: {fileID: 0}
  m_NavMeshLayer: 0
  m_StaticEditorFlags: 0
  m_IsActive: 1
--- !u!114 &927195260
MonoBehaviour:
  m_ObjectHideFlags: 0
  m_PrefabParentObject: {fileID: 0}
  m_PrefabInternal: {fileID: 0}
  m_GameObject: {fileID: 927195259}
  m_Enabled: 1
  m_EditorHideFlags: 0
  m_Script: {fileID: 1077351063, guid: f70555f144d8491a825f0804e09c671c, type: 3}
  m_Name: 
  m_EditorClassIdentifier: 
  m_HorizontalAxis: Horizontal
  m_VerticalAxis: Vertical
  m_SubmitButton: Submit
  m_CancelButton: Cancel
  m_InputActionsPerSecond: 10
  m_RepeatDelay: 0.5
  m_ForceModuleActive: 0
--- !u!114 &927195261
MonoBehaviour:
  m_ObjectHideFlags: 0
  m_PrefabParentObject: {fileID: 0}
  m_PrefabInternal: {fileID: 0}
  m_GameObject: {fileID: 927195259}
  m_Enabled: 1
  m_EditorHideFlags: 0
  m_Script: {fileID: -619905303, guid: f70555f144d8491a825f0804e09c671c, type: 3}
  m_Name: 
  m_EditorClassIdentifier: 
  m_FirstSelected: {fileID: 0}
  m_sendNavigationEvents: 1
  m_DragThreshold: 5
--- !u!4 &927195262
Transform:
  m_ObjectHideFlags: 0
  m_PrefabParentObject: {fileID: 0}
  m_PrefabInternal: {fileID: 0}
  m_GameObject: {fileID: 927195259}
  m_LocalRotation: {x: 0, y: 0, z: 0, w: 1}
  m_LocalPosition: {x: 0, y: 0, z: 0}
  m_LocalScale: {x: 1, y: 1, z: 1}
  m_Children: []
  m_Father: {fileID: 0}
  m_RootOrder: 4
  m_LocalEulerAnglesHint: {x: 0, y: 0, z: 0}
--- !u!114 &1064852049 stripped
MonoBehaviour:
  m_PrefabParentObject: {fileID: 114558191628906538, guid: 7e0021f93217eef4fb5a6ffbb0fbc7e4,
    type: 2}
  m_PrefabInternal: {fileID: 1595423515}
  m_Script: {fileID: 708705254, guid: f70555f144d8491a825f0804e09c671c, type: 3}
--- !u!1 &1098274636
GameObject:
  m_ObjectHideFlags: 0
  m_PrefabParentObject: {fileID: 0}
  m_PrefabInternal: {fileID: 0}
  serializedVersion: 5
  m_Component:
  - component: {fileID: 1098274637}
  - component: {fileID: 1098274638}
  m_Layer: 0
  m_Name: Directional light
  m_TagString: Untagged
  m_Icon: {fileID: 0}
  m_NavMeshLayer: 0
  m_StaticEditorFlags: 0
  m_IsActive: 1
--- !u!4 &1098274637
Transform:
  m_ObjectHideFlags: 0
  m_PrefabParentObject: {fileID: 0}
  m_PrefabInternal: {fileID: 0}
  m_GameObject: {fileID: 1098274636}
  m_LocalRotation: {x: -0.4490801, y: -0, z: -0, w: 0.8934915}
  m_LocalPosition: {x: 0.87377, y: 305.18466, z: -8.265854}
  m_LocalScale: {x: 235.82602, y: 235.82602, z: 235.82602}
  m_Children: []
  m_Father: {fileID: 0}
  m_RootOrder: 10
  m_LocalEulerAnglesHint: {x: -53.369003, y: 0, z: 0}
--- !u!108 &1098274638
Light:
  m_ObjectHideFlags: 0
  m_PrefabParentObject: {fileID: 0}
  m_PrefabInternal: {fileID: 0}
  m_GameObject: {fileID: 1098274636}
  m_Enabled: 1
  serializedVersion: 8
  m_Type: 1
  m_Color: {r: 1, g: 1, b: 1, a: 1}
  m_Intensity: 1
  m_Range: 10
  m_SpotAngle: 30
  m_CookieSize: 10
  m_Shadows:
    m_Type: 0
    m_Resolution: -1
    m_CustomResolution: -1
    m_Strength: 1
    m_Bias: 0.05
    m_NormalBias: 0.4
    m_NearPlane: 0.2
  m_Cookie: {fileID: 0}
  m_DrawHalo: 0
  m_Flare: {fileID: 0}
  m_RenderMode: 0
  m_CullingMask:
    serializedVersion: 2
    m_Bits: 4294967295
  m_Lightmapping: 4
  m_AreaSize: {x: 1, y: 1}
  m_BounceIntensity: 1
  m_ColorTemperature: 6570
  m_UseColorTemperature: 0
  m_ShadowRadius: 0
  m_ShadowAngle: 0
--- !u!1 &1231608776
GameObject:
  m_ObjectHideFlags: 0
  m_PrefabParentObject: {fileID: 0}
  m_PrefabInternal: {fileID: 0}
  serializedVersion: 5
  m_Component:
  - component: {fileID: 1231608777}
  m_Layer: 0
  m_Name: '------Canvas------'
  m_TagString: Untagged
  m_Icon: {fileID: 0}
  m_NavMeshLayer: 0
  m_StaticEditorFlags: 0
  m_IsActive: 1
--- !u!4 &1231608777
Transform:
  m_ObjectHideFlags: 0
  m_PrefabParentObject: {fileID: 0}
  m_PrefabInternal: {fileID: 0}
  m_GameObject: {fileID: 1231608776}
  m_LocalRotation: {x: 0, y: 0, z: 0, w: 1}
  m_LocalPosition: {x: 27.035892, y: 5.9601603, z: -3.1488934}
  m_LocalScale: {x: 1, y: 1, z: 1}
  m_Children: []
  m_Father: {fileID: 0}
  m_RootOrder: 3
  m_LocalEulerAnglesHint: {x: 0, y: 0, z: 0}
--- !u!1 &1330658416
GameObject:
  m_ObjectHideFlags: 0
  m_PrefabParentObject: {fileID: 0}
  m_PrefabInternal: {fileID: 0}
  serializedVersion: 5
  m_Component:
  - component: {fileID: 1330658420}
  - component: {fileID: 1330658419}
  - component: {fileID: 1330658418}
  - component: {fileID: 1330658417}
  m_Layer: 0
  m_Name: Cube
  m_TagString: Untagged
  m_Icon: {fileID: 0}
  m_NavMeshLayer: 0
  m_StaticEditorFlags: 4294967295
  m_IsActive: 1
--- !u!23 &1330658417
MeshRenderer:
  m_ObjectHideFlags: 0
  m_PrefabParentObject: {fileID: 0}
  m_PrefabInternal: {fileID: 0}
  m_GameObject: {fileID: 1330658416}
  m_Enabled: 1
  m_CastShadows: 1
  m_ReceiveShadows: 1
  m_DynamicOccludee: 1
  m_MotionVectors: 1
  m_LightProbeUsage: 1
  m_ReflectionProbeUsage: 1
  m_Materials:
  - {fileID: 10303, guid: 0000000000000000f000000000000000, type: 0}
  m_StaticBatchInfo:
    firstSubMesh: 0
    subMeshCount: 0
  m_StaticBatchRoot: {fileID: 0}
  m_ProbeAnchor: {fileID: 0}
  m_LightProbeVolumeOverride: {fileID: 0}
  m_ScaleInLightmap: 1
  m_PreserveUVs: 1
  m_IgnoreNormalsForChartDetection: 0
  m_ImportantGI: 0
  m_StitchLightmapSeams: 0
  m_SelectedEditorRenderState: 3
  m_MinimumChartSize: 4
  m_AutoUVMaxDistance: 0.5
  m_AutoUVMaxAngle: 89
  m_LightmapParameters: {fileID: 0}
  m_SortingLayerID: 0
  m_SortingLayer: 0
  m_SortingOrder: 0
--- !u!65 &1330658418
BoxCollider:
  m_ObjectHideFlags: 0
  m_PrefabParentObject: {fileID: 0}
  m_PrefabInternal: {fileID: 0}
  m_GameObject: {fileID: 1330658416}
  m_Material: {fileID: 0}
  m_IsTrigger: 0
  m_Enabled: 1
  serializedVersion: 2
  m_Size: {x: 1, y: 1, z: 1}
  m_Center: {x: 0, y: 0, z: 0}
--- !u!33 &1330658419
MeshFilter:
  m_ObjectHideFlags: 0
  m_PrefabParentObject: {fileID: 0}
  m_PrefabInternal: {fileID: 0}
  m_GameObject: {fileID: 1330658416}
  m_Mesh: {fileID: 10202, guid: 0000000000000000e000000000000000, type: 0}
--- !u!4 &1330658420
Transform:
  m_ObjectHideFlags: 0
  m_PrefabParentObject: {fileID: 0}
  m_PrefabInternal: {fileID: 0}
  m_GameObject: {fileID: 1330658416}
  m_LocalRotation: {x: -0, y: -0, z: 1, w: 0}
  m_LocalPosition: {x: 5.8, y: -1.3, z: -19.7}
  m_LocalScale: {x: 7, y: 7, z: 7}
  m_Children: []
  m_Father: {fileID: 0}
  m_RootOrder: 9
  m_LocalEulerAnglesHint: {x: 0, y: 0, z: 0}
--- !u!1001 &1395464338
Prefab:
  m_ObjectHideFlags: 0
  serializedVersion: 2
  m_Modification:
    m_TransformParent: {fileID: 0}
    m_Modifications:
    - target: {fileID: 4533133865213502, guid: 87dcca9f008ba24498725f70651f469a, type: 2}
      propertyPath: m_LocalPosition.x
      value: 1.53
      objectReference: {fileID: 0}
    - target: {fileID: 4533133865213502, guid: 87dcca9f008ba24498725f70651f469a, type: 2}
      propertyPath: m_LocalPosition.y
      value: 0.71
      objectReference: {fileID: 0}
    - target: {fileID: 4533133865213502, guid: 87dcca9f008ba24498725f70651f469a, type: 2}
      propertyPath: m_LocalPosition.z
      value: -6.253
      objectReference: {fileID: 0}
    - target: {fileID: 4533133865213502, guid: 87dcca9f008ba24498725f70651f469a, type: 2}
      propertyPath: m_LocalRotation.x
      value: 0
      objectReference: {fileID: 0}
    - target: {fileID: 4533133865213502, guid: 87dcca9f008ba24498725f70651f469a, type: 2}
      propertyPath: m_LocalRotation.y
      value: 0
      objectReference: {fileID: 0}
    - target: {fileID: 4533133865213502, guid: 87dcca9f008ba24498725f70651f469a, type: 2}
      propertyPath: m_LocalRotation.z
      value: 0
      objectReference: {fileID: 0}
    - target: {fileID: 4533133865213502, guid: 87dcca9f008ba24498725f70651f469a, type: 2}
      propertyPath: m_LocalRotation.w
      value: 1
      objectReference: {fileID: 0}
    - target: {fileID: 4533133865213502, guid: 87dcca9f008ba24498725f70651f469a, type: 2}
      propertyPath: m_RootOrder
      value: 4
      objectReference: {fileID: 0}
    - target: {fileID: 114340770696788550, guid: 87dcca9f008ba24498725f70651f469a,
        type: 2}
      propertyPath: m_itemName
      value: FlashLight
      objectReference: {fileID: 0}
    - target: {fileID: 114766599452001180, guid: 87dcca9f008ba24498725f70651f469a,
        type: 2}
      propertyPath: m_batterieLifeInSeconds
      value: 60
      objectReference: {fileID: 0}
    - target: {fileID: 108332286707508468, guid: 87dcca9f008ba24498725f70651f469a,
        type: 2}
      propertyPath: m_Shadows.m_Type
      value: 2
      objectReference: {fileID: 0}
    - target: {fileID: 4511723089576062, guid: 87dcca9f008ba24498725f70651f469a, type: 2}
      propertyPath: m_LocalPosition.y
      value: -265
      objectReference: {fileID: 0}
    - target: {fileID: 108332286707508468, guid: 87dcca9f008ba24498725f70651f469a,
        type: 2}
      propertyPath: m_Cookie
      value: 
      objectReference: {fileID: 0}
    - target: {fileID: 4511723089576062, guid: 87dcca9f008ba24498725f70651f469a, type: 2}
      propertyPath: m_LocalPosition.z
      value: -10
      objectReference: {fileID: 0}
    - target: {fileID: 108332286707508468, guid: 87dcca9f008ba24498725f70651f469a,
        type: 2}
      propertyPath: m_Type
      value: 0
      objectReference: {fileID: 0}
    - target: {fileID: 108332286707508468, guid: 87dcca9f008ba24498725f70651f469a,
        type: 2}
      propertyPath: m_Range
      value: 123.8
      objectReference: {fileID: 0}
    - target: {fileID: 108332286707508468, guid: 87dcca9f008ba24498725f70651f469a,
        type: 2}
      propertyPath: m_Intensity
      value: 19.8
      objectReference: {fileID: 0}
    - target: {fileID: 108332286707508468, guid: 87dcca9f008ba24498725f70651f469a,
        type: 2}
      propertyPath: m_DrawHalo
      value: 0
      objectReference: {fileID: 0}
    - target: {fileID: 108332286707508468, guid: 87dcca9f008ba24498725f70651f469a,
        type: 2}
      propertyPath: m_CullingMask.m_Bits
      value: 4294967295
      objectReference: {fileID: 0}
    - target: {fileID: 108332286707508468, guid: 87dcca9f008ba24498725f70651f469a,
        type: 2}
      propertyPath: m_Shadows.m_Strength
      value: 1
      objectReference: {fileID: 0}
    - target: {fileID: 108332286707508468, guid: 87dcca9f008ba24498725f70651f469a,
        type: 2}
      propertyPath: m_Shadows.m_Bias
      value: 2
      objectReference: {fileID: 0}
    - target: {fileID: 4511723089576062, guid: 87dcca9f008ba24498725f70651f469a, type: 2}
      propertyPath: m_LocalPosition.x
      value: -95
      objectReference: {fileID: 0}
    m_RemovedComponents:
    - {fileID: 119667458057407032, guid: 87dcca9f008ba24498725f70651f469a, type: 2}
    - {fileID: 108332286707508468, guid: 87dcca9f008ba24498725f70651f469a, type: 2}
  m_ParentPrefab: {fileID: 100100000, guid: 87dcca9f008ba24498725f70651f469a, type: 2}
  m_IsPrefabParent: 0
--- !u!1 &1395464339 stripped
GameObject:
  m_PrefabParentObject: {fileID: 1138264931388112, guid: 87dcca9f008ba24498725f70651f469a,
    type: 2}
  m_PrefabInternal: {fileID: 1395464338}
--- !u!108 &1395464340
Light:
  m_ObjectHideFlags: 0
  m_PrefabParentObject: {fileID: 0}
  m_PrefabInternal: {fileID: 0}
  m_GameObject: {fileID: 1395464339}
  m_Enabled: 1
  serializedVersion: 8
  m_Type: 0
  m_Color: {r: 1, g: 1, b: 1, a: 1}
  m_Intensity: 19.29
  m_Range: 477.94
  m_SpotAngle: 43.9
  m_CookieSize: 10
  m_Shadows:
    m_Type: 1
    m_Resolution: 3
    m_CustomResolution: -1
    m_Strength: 1
    m_Bias: 0
    m_NormalBias: 0.5
    m_NearPlane: 0.2
  m_Cookie: {fileID: 0}
  m_DrawHalo: 0
  m_Flare: {fileID: 0}
  m_RenderMode: 0
  m_CullingMask:
    serializedVersion: 2
    m_Bits: 4294967295
  m_Lightmapping: 4
  m_AreaSize: {x: 1, y: 1}
  m_BounceIntensity: 1
  m_ColorTemperature: 6570
  m_UseColorTemperature: 0
  m_ShadowRadius: 0
  m_ShadowAngle: 0
--- !u!1001 &1557135331
Prefab:
  m_ObjectHideFlags: 0
  serializedVersion: 2
  m_Modification:
    m_TransformParent: {fileID: 0}
    m_Modifications:
    - target: {fileID: 4310637582617852, guid: 7a86eb4c5e115d94997d92262dbafa04, type: 2}
      propertyPath: m_LocalPosition.x
      value: 13.765838
      objectReference: {fileID: 0}
    - target: {fileID: 4310637582617852, guid: 7a86eb4c5e115d94997d92262dbafa04, type: 2}
      propertyPath: m_LocalPosition.y
      value: -0.21
      objectReference: {fileID: 0}
    - target: {fileID: 4310637582617852, guid: 7a86eb4c5e115d94997d92262dbafa04, type: 2}
      propertyPath: m_LocalPosition.z
      value: -13.101128
      objectReference: {fileID: 0}
    - target: {fileID: 4310637582617852, guid: 7a86eb4c5e115d94997d92262dbafa04, type: 2}
      propertyPath: m_LocalRotation.x
      value: -0
      objectReference: {fileID: 0}
    - target: {fileID: 4310637582617852, guid: 7a86eb4c5e115d94997d92262dbafa04, type: 2}
      propertyPath: m_LocalRotation.y
      value: 0.70711
      objectReference: {fileID: 0}
    - target: {fileID: 4310637582617852, guid: 7a86eb4c5e115d94997d92262dbafa04, type: 2}
      propertyPath: m_LocalRotation.z
      value: -0
      objectReference: {fileID: 0}
    - target: {fileID: 4310637582617852, guid: 7a86eb4c5e115d94997d92262dbafa04, type: 2}
      propertyPath: m_LocalRotation.w
      value: -0.70710367
      objectReference: {fileID: 0}
    - target: {fileID: 4310637582617852, guid: 7a86eb4c5e115d94997d92262dbafa04, type: 2}
      propertyPath: m_RootOrder
      value: 1
      objectReference: {fileID: 0}
    - target: {fileID: 1518086657875892, guid: 7a86eb4c5e115d94997d92262dbafa04, type: 2}
      propertyPath: m_StaticEditorFlags
      value: 4294967295
      objectReference: {fileID: 0}
    m_RemovedComponents: []
  m_ParentPrefab: {fileID: 100100000, guid: 7a86eb4c5e115d94997d92262dbafa04, type: 2}
  m_IsPrefabParent: 0
--- !u!1001 &1595423515
Prefab:
  m_ObjectHideFlags: 0
  serializedVersion: 2
  m_Modification:
    m_TransformParent: {fileID: 0}
    m_Modifications:
    - target: {fileID: 224895779479871102, guid: 7e0021f93217eef4fb5a6ffbb0fbc7e4,
        type: 2}
      propertyPath: m_LocalPosition.x
      value: 0
      objectReference: {fileID: 0}
    - target: {fileID: 224895779479871102, guid: 7e0021f93217eef4fb5a6ffbb0fbc7e4,
        type: 2}
      propertyPath: m_LocalPosition.y
      value: 0
      objectReference: {fileID: 0}
    - target: {fileID: 224895779479871102, guid: 7e0021f93217eef4fb5a6ffbb0fbc7e4,
        type: 2}
      propertyPath: m_LocalPosition.z
      value: 0
      objectReference: {fileID: 0}
    - target: {fileID: 224895779479871102, guid: 7e0021f93217eef4fb5a6ffbb0fbc7e4,
        type: 2}
      propertyPath: m_LocalRotation.x
      value: 0
      objectReference: {fileID: 0}
    - target: {fileID: 224895779479871102, guid: 7e0021f93217eef4fb5a6ffbb0fbc7e4,
        type: 2}
      propertyPath: m_LocalRotation.y
      value: 0
      objectReference: {fileID: 0}
    - target: {fileID: 224895779479871102, guid: 7e0021f93217eef4fb5a6ffbb0fbc7e4,
        type: 2}
      propertyPath: m_LocalRotation.z
      value: 0
      objectReference: {fileID: 0}
    - target: {fileID: 224895779479871102, guid: 7e0021f93217eef4fb5a6ffbb0fbc7e4,
        type: 2}
      propertyPath: m_LocalRotation.w
      value: 1
      objectReference: {fileID: 0}
    - target: {fileID: 224895779479871102, guid: 7e0021f93217eef4fb5a6ffbb0fbc7e4,
        type: 2}
      propertyPath: m_RootOrder
      value: 1
      objectReference: {fileID: 0}
    - target: {fileID: 224895779479871102, guid: 7e0021f93217eef4fb5a6ffbb0fbc7e4,
        type: 2}
      propertyPath: m_AnchoredPosition.x
      value: 0
      objectReference: {fileID: 0}
    - target: {fileID: 224895779479871102, guid: 7e0021f93217eef4fb5a6ffbb0fbc7e4,
        type: 2}
      propertyPath: m_AnchoredPosition.y
      value: 0
      objectReference: {fileID: 0}
    - target: {fileID: 224895779479871102, guid: 7e0021f93217eef4fb5a6ffbb0fbc7e4,
        type: 2}
      propertyPath: m_SizeDelta.x
      value: 0
      objectReference: {fileID: 0}
    - target: {fileID: 224895779479871102, guid: 7e0021f93217eef4fb5a6ffbb0fbc7e4,
        type: 2}
      propertyPath: m_SizeDelta.y
      value: 0
      objectReference: {fileID: 0}
    - target: {fileID: 224895779479871102, guid: 7e0021f93217eef4fb5a6ffbb0fbc7e4,
        type: 2}
      propertyPath: m_AnchorMin.x
      value: 0
      objectReference: {fileID: 0}
    - target: {fileID: 224895779479871102, guid: 7e0021f93217eef4fb5a6ffbb0fbc7e4,
        type: 2}
      propertyPath: m_AnchorMin.y
      value: 0
      objectReference: {fileID: 0}
    - target: {fileID: 224895779479871102, guid: 7e0021f93217eef4fb5a6ffbb0fbc7e4,
        type: 2}
      propertyPath: m_AnchorMax.x
      value: 0
      objectReference: {fileID: 0}
    - target: {fileID: 224895779479871102, guid: 7e0021f93217eef4fb5a6ffbb0fbc7e4,
        type: 2}
      propertyPath: m_AnchorMax.y
      value: 0
      objectReference: {fileID: 0}
    - target: {fileID: 224895779479871102, guid: 7e0021f93217eef4fb5a6ffbb0fbc7e4,
        type: 2}
      propertyPath: m_Pivot.x
      value: 0
      objectReference: {fileID: 0}
    - target: {fileID: 224895779479871102, guid: 7e0021f93217eef4fb5a6ffbb0fbc7e4,
        type: 2}
      propertyPath: m_Pivot.y
      value: 0
      objectReference: {fileID: 0}
    - target: {fileID: 114518334603394462, guid: 7e0021f93217eef4fb5a6ffbb0fbc7e4,
        type: 2}
      propertyPath: m_AttachedEntity
      value: 
      objectReference: {fileID: 866328610}
    - target: {fileID: 114701802482698630, guid: 7e0021f93217eef4fb5a6ffbb0fbc7e4,
        type: 2}
      propertyPath: m_AttachedEntity
      value: 
      objectReference: {fileID: 866328610}
    - target: {fileID: 224783631433866214, guid: 7e0021f93217eef4fb5a6ffbb0fbc7e4,
        type: 2}
      propertyPath: m_AnchorMax.x
      value: 1
      objectReference: {fileID: 0}
    - target: {fileID: 224783631433866214, guid: 7e0021f93217eef4fb5a6ffbb0fbc7e4,
        type: 2}
      propertyPath: m_AnchorMax.y
      value: 1
      objectReference: {fileID: 0}
    - target: {fileID: 224496995272121260, guid: 7e0021f93217eef4fb5a6ffbb0fbc7e4,
        type: 2}
      propertyPath: m_AnchorMax.y
      value: 1
      objectReference: {fileID: 0}
    - target: {fileID: 224240548928455936, guid: 7e0021f93217eef4fb5a6ffbb0fbc7e4,
        type: 2}
      propertyPath: m_AnchorMax.x
      value: 1
      objectReference: {fileID: 0}
    - target: {fileID: 224240548928455936, guid: 7e0021f93217eef4fb5a6ffbb0fbc7e4,
        type: 2}
      propertyPath: m_AnchorMax.y
      value: 1
      objectReference: {fileID: 0}
    - target: {fileID: 224073859666321322, guid: 7e0021f93217eef4fb5a6ffbb0fbc7e4,
        type: 2}
      propertyPath: m_AnchorMax.x
      value: 1
      objectReference: {fileID: 0}
    - target: {fileID: 224073859666321322, guid: 7e0021f93217eef4fb5a6ffbb0fbc7e4,
        type: 2}
      propertyPath: m_AnchorMax.y
      value: 1
      objectReference: {fileID: 0}
    m_RemovedComponents: []
  m_ParentPrefab: {fileID: 100100000, guid: 7e0021f93217eef4fb5a6ffbb0fbc7e4, type: 2}
  m_IsPrefabParent: 0
--- !u!1001 &1812633395
Prefab:
  m_ObjectHideFlags: 0
  serializedVersion: 2
  m_Modification:
    m_TransformParent: {fileID: 0}
    m_Modifications:
    - target: {fileID: 4925054628207874, guid: 1a429d5f3ff01044f9e0f4c95e85841d, type: 2}
      propertyPath: m_LocalPosition.x
      value: 6.64
      objectReference: {fileID: 0}
    - target: {fileID: 4925054628207874, guid: 1a429d5f3ff01044f9e0f4c95e85841d, type: 2}
      propertyPath: m_LocalPosition.y
      value: 0.25
      objectReference: {fileID: 0}
    - target: {fileID: 4925054628207874, guid: 1a429d5f3ff01044f9e0f4c95e85841d, type: 2}
      propertyPath: m_LocalPosition.z
      value: 0.66
      objectReference: {fileID: 0}
    - target: {fileID: 4925054628207874, guid: 1a429d5f3ff01044f9e0f4c95e85841d, type: 2}
      propertyPath: m_LocalRotation.x
      value: -0
      objectReference: {fileID: 0}
    - target: {fileID: 4925054628207874, guid: 1a429d5f3ff01044f9e0f4c95e85841d, type: 2}
      propertyPath: m_LocalRotation.y
      value: 0.9224697
      objectReference: {fileID: 0}
    - target: {fileID: 4925054628207874, guid: 1a429d5f3ff01044f9e0f4c95e85841d, type: 2}
      propertyPath: m_LocalRotation.z
      value: -0
      objectReference: {fileID: 0}
    - target: {fileID: 4925054628207874, guid: 1a429d5f3ff01044f9e0f4c95e85841d, type: 2}
      propertyPath: m_LocalRotation.w
      value: 0.38606957
      objectReference: {fileID: 0}
    - target: {fileID: 4925054628207874, guid: 1a429d5f3ff01044f9e0f4c95e85841d, type: 2}
      propertyPath: m_RootOrder
      value: 6
      objectReference: {fileID: 0}
    - target: {fileID: 114821494235311364, guid: 1a429d5f3ff01044f9e0f4c95e85841d,
        type: 2}
      propertyPath: m_BatteryCount
      value: 
      objectReference: {fileID: 1064852049}
    m_RemovedComponents: []
  m_ParentPrefab: {fileID: 100100000, guid: 1a429d5f3ff01044f9e0f4c95e85841d, type: 2}
  m_IsPrefabParent: 0
--- !u!4 &1869816446 stripped
Transform:
  m_PrefabParentObject: {fileID: 4925054628207874, guid: 1a429d5f3ff01044f9e0f4c95e85841d,
    type: 2}
  m_PrefabInternal: {fileID: 1812633395}
